
% Created by Mahsa Moosavi at 2019-10-16 

% Saved with string encoding Unicode (UTF-8) 

% = = = = = = = = = Three Main Papers for Comp = = = = = = = = = %

@inproceedings{massacci2018futuresmex,
  title={FuturesMEX: secure, distributed futures market exchange},
  author={Massacci, Fabio and Ngo, Chan Nam and Nie, Jing and Venturi, Daniele and Williams, Julian},
  booktitle={2018 IEEE Symposium on Security and Privacy (SP)},
  pages={335--353},
  year={2018},
  organization={IEEE}
}

@article{mavroudis2019libra,
  title={Libra: Fair Order-Matching for Electronic Financial Exchanges},
  author={Mavroudis, Vasilios and Melton, Hayden},
  journal={arXiv preprint arXiv:1910.00321},
  year={2019}
}

@article{bentov2017tesseract,
  title={Tesseract: Real-Time Cryptocurrency Exchange using Trusted Hardware.},
  author={Bentov, Iddo and Ji, Yan and Zhang, Fan and Li, Yunqi and Zhao, Xueyuan and Breidenbach, Lorenz and Daian, Philip and Juels, Ari},
  journal={IACR Cryptology ePrint Archive},
  volume={2017},
  pages={1153},
  year={2017}
}
% = = = = = = = = = = = = = = = = = =  = = = = = = = = = = = = = = = = = = %
@article{wood2014ethereum,
  title={Ethereum: A secure decentralised generalised transaction ledger},
  author={Wood, Gavin and others},
  journal={Ethereum project yellow paper},
  volume={151},
  number={2014},
  pages={1--32},
  year={2014}
}

@incollection{preis2011price,
  title={Price-time priority and pro rata matching in an order book model of financial markets},
  author={Preis, Tobias},
  booktitle={Econophysics of Order-driven Markets},
  pages={65--72},
  year={2011},
  publisher={Springer}
}

@misc{SEBIOrde83:online,
author = {Securities and Exchanges Board of India},
title = {SEBI | Order in the matter of NSE Colocation},
howpublished = {\url{https://www.sebi.gov.in/enforcement/orders/apr-2019/order-in-the-matter-of-nse-colocation_42880.html}},
month = {},
year = {2019},
note = {(Accessed on 11/11/2019)}
}

@article{budish2015high,
  title={The high-frequency trading arms race: Frequent batch auctions as a market design response},
  author={Budish, Eric and Cramton, Peter and Shim, John},
  journal={The Quarterly Journal of Economics},
  volume={130},
  number={4},
  pages={1547--1621},
  year={2015},
  publisher={MIT Press}
}

@article{eskandari2019sok,
  title={SoK: Transparent Dishonesty: front-running attacks on Blockchain},
  author={Eskandari, Shayan and Moosavi, Seyedehmahsa and Clark, Jeremy},
  year={2019},
  publisher={FC}
}

@article{daian2019flash,
  title={Flash Boys 2.0: Frontrunning, Transaction Reordering, and Consensus Instability in Decentralized Exchanges},
  author={Daian, Philip and Goldfeder, Steven and Kell, Tyler and Li, Yunqi and Zhao, Xueyuan and Bentov, Iddo and Breidenbach, Lorenz and Juels, Ari},
  journal={arXiv preprint arXiv:1904.05234},
  year={2019}
}

@misc{Instrume28:online,
author = {Investopedia},
title = {Instrument Definition},
howpublished = {\url{https://www.investopedia.com/terms/i/instrument.asp}},
month = {August},
year = {2019},
note = {(Accessed on 11/25/2019)}
}


@inproceedings{clark2014decentralizing,
  title={On decentralizing prediction markets and order books},
  author={Clark, Jeremy and Bonneau, Joseph and Felten, Edward W and Kroll, Joshua A and Miller, Andrew and Narayanan, Arvind},
  booktitle={Workshop on the Economics of Information Security, State College, Pennsylvania},
  year={2014}
}

%================FuturesMex=================%
@misc{FuturesC77:online,
author = {JAMES CHEN},
title = {Futures Contract},
howpublished = {\url{https://www.investopedia.com/terms/f/futurescontract.asp}},
month = {April},
year = {2019},
note = {(Accessed on 12/09/2019)}
}

@inproceedings{massacci2018non,
  title={Non-monotonic Security Protocols and Failures in Financial Intermediation},
  author={Massacci, Fabio and Ngo, Chan Nam and Venturi, Daniele and Williams, Julian},
  booktitle={Cambridge International Workshop on Security Protocols},
  pages={45--54},
  year={2018},
  organization={Springer}
}

@misc{ChicagoM36:online,
author = {Wikipedia},
title = {Chicago Mercantile Exchange - Wikipedia},
howpublished = {\url{https://en.wikipedia.org/wiki/Chicago_Mercantile_Exchange}},
month = {December},
year = {2019},
note = {(Accessed on 12/11/2019)}
}

@misc{Knowyour10:online,
author = {Wikipedia},
title = {Know your customer - Wikipedia},
howpublished = {\url{https://en.wikipedia.org/wiki/Know_your_customer}},
month = {December},
year = {2019},
note = {(Accessed on 12/11/2019)}
}

%================Tesseract=================%
@misc{Howcrypt10:online,
author = {GLOBAL NEWS},
title = {How crypto exchange QuadrigaCX lost access to \$190 million of customersâ€™ money | Globalnews.ca},
howpublished = {\url{https://globalnews.ca/news/4914774/quadrigacx-creditor-protection-crypto-exchange/}},
month = {February},
year = {2019},
note = {(Accessed on 12/31/2019)}
}

@misc{TheHisto45:online,
author = {Andrew Norry},
title = {The History of the Mt Gox Hack: Bitcoin's Biggest Heist},
howpublished = {\url{https://blockonomi.com/mt-gox-hack/}},
month = {June},
year = {2019},
note = {(Accessed on 12/31/2019)}
}
%================Intro=================%
@techreport{nakamoto2019bitcoin,
  title={Bitcoin: A peer-to-peer electronic cash system},
  author={Nakamoto, Satoshi},
  year={2019},
  institution={Manubot}
}

@article{buterin2014next,
  title={A next-generation smart contract and decentralized application platform},
  author={Buterin, Vitalik and others},
  journal={white paper},
  volume={3},
  pages={37},
  year={2014}
}
